<record><leader>00000cas a22000007a 4500</leader><controlfield tag="001">26321398</controlfield><controlfield tag="008">920803d1942194uaruwr ne      0    0eng d</controlfield><datafield ind1=" " ind2=" " tag="010"><subfield code="a">sn 92050143 </subfield></datafield><datafield ind1=" " ind2=" " tag="040"><subfield code="a">ANU</subfield><subfield code="b">eng</subfield><subfield code="c">ANU</subfield><subfield code="d">OCL</subfield><subfield code="d">OCLCQ</subfield><subfield code="d">OCLCF</subfield><subfield code="d">OCLCO</subfield><subfield code="d">OCLCA</subfield></datafield><datafield ind1=" " ind2=" " tag="042"><subfield code="a">msc</subfield></datafield><datafield ind1="0" ind2="0" tag="245"><subfield code="a">Arkansas labor CIO journal.</subfield></datafield><datafield ind1="3" ind2="0" tag="246"><subfield code="a">Arkansas CIO labor journal</subfield></datafield><datafield ind1="1" ind2="3" tag="246"><subfield code="a">Labor journal</subfield><subfield code="f">&lt;Sept. 25-Dec. 4, 1942&gt;</subfield></datafield><datafield ind1=" " ind2=" " tag="260"><subfield code="a">Fort Smith, Ark. :</subfield><subfield code="b">E.B. Epping</subfield></datafield><datafield ind1=" " ind2=" " tag="300"><subfield code="a">v.</subfield></datafield><datafield ind1=" " ind2=" " tag="310"><subfield code="a">Weekly</subfield></datafield><datafield ind1="0" ind2=" " tag="362"><subfield code="a">Vol. 5, no. 41 (Sept. 25, 1942)-</subfield></datafield><datafield ind1=" " ind2=" " tag="550"><subfield code="a">"Official organ of the Arkansas State Industrial Union Council and Fort Smith Labor Council."</subfield></datafield><datafield ind1=" " ind2="0" tag="650"><subfield code="a">Labor unions</subfield><subfield code="z">Arkansas</subfield><subfield code="v">Newspapers.</subfield></datafield><datafield ind1=" " ind2="7" tag="655"><subfield code="a">Newspapers.</subfield><subfield code="2">fast</subfield><subfield code="0">(OCoLC)fst01423814</subfield></datafield><datafield ind1=" " ind2="7" tag="650"><subfield code="a">Labor unions.</subfield><subfield code="2">fast</subfield><subfield code="0">(OCoLC)fst00990260</subfield></datafield><datafield ind1=" " ind2="7" tag="651"><subfield code="a">Arkansas.</subfield><subfield code="2">fast</subfield><subfield code="0">(OCoLC)fst01204809</subfield></datafield><datafield ind1=" " ind2=" " tag="752"><subfield code="a">United States</subfield><subfield code="b">Arkansas</subfield><subfield code="c">Sebastian</subfield><subfield code="d">Fort Smith.</subfield></datafield><datafield ind1="0" ind2="0" tag="780"><subfield code="t">Labor journal (Fort Smith, Ark. : 1941)</subfield><subfield code="w">(DLC)sn 92050146</subfield></datafield><datafield ind1="0" ind2="0" tag="785"><subfield code="t">Arkansas labor journal</subfield><subfield code="w">(DLC)sn 92050056</subfield></datafield></record>